<collection xmlns='http://www.loc.gov/MARC21/slim' xmlns:xsi='http://www.w3.org/2001/XMLSchema-instance' xsi:schemaLocation='http://www.loc.gov/standards/marcxml/schema/MARC21slim.xsd'>
  <record xmlns="http://www.loc.gov/MARC21/slim">
    <leader>00000ctm a2200000Ma 4500</leader>
    <controlfield tag="001">on1106031610</controlfield>
    <controlfield tag="008">190628m17111712xx            000 0 ara d</controlfield>
    <datafield tag="040" ind1=" " ind2=" ">
      <subfield code="a">ZCU</subfield>
      <subfield code="b">eng</subfield>
      <subfield code="e">amremm</subfield>
      <subfield code="c">ZCU</subfield>
      <subfield code="d">OCLCO</subfield>
    </datafield>
    <datafield tag="035" ind1=" " ind2=" ">
      <subfield code="a">(NNC)14011092</subfield>
    </datafield>
    <datafield tag="049" ind1=" " ind2=" ">
      <subfield code="a">ZCUA</subfield>
    </datafield>
    <datafield tag="245" ind1="0" ind2="0">
      <subfield code="6">880-01</subfield>
      <subfield code="a">[Majmūʻah].</subfield>
    </datafield>
    <datafield tag="264" ind1=" " ind2="0">
      <subfield code="c">1711-1712.</subfield>
    </datafield>
    <datafield tag="300" ind1=" " ind2=" ">
      <subfield code="a">iv, 126, vi leaves :</subfield>
      <subfield code="b">laid paper ;</subfield>
      <subfield code="c">205 x 149 (145 x 100) mm, bound to 207 x 152 mm</subfield>
    </datafield>
    <datafield tag="336" ind1=" " ind2=" ">
      <subfield code="a">text</subfield>
      <subfield code="b">txt</subfield>
      <subfield code="2">rdacontent</subfield>
    </datafield>
    <datafield tag="337" ind1=" " ind2=" ">
      <subfield code="a">unmediated</subfield>
      <subfield code="b">n</subfield>
      <subfield code="2">rdamedia</subfield>
    </datafield>
    <datafield tag="338" ind1=" " ind2=" ">
      <subfield code="a">volume</subfield>
      <subfield code="b">nc</subfield>
      <subfield code="2">rdacarrier</subfield>
    </datafield>
    <datafield tag="340" ind1=" " ind2=" ">
      <subfield code="d">manuscript.</subfield>
    </datafield>
    <datafield tag="500" ind1=" " ind2=" ">
      <subfield code="a">Manuscript codex.</subfield>
    </datafield>
    <datafield tag="520" ind1=" " ind2=" ">
      <subfield code="a">Collection of works bound together and copied in the same hand. The first six works discuss Arabic grammar and composition. The 7th and 8th works relate to reading and recitation of the Qurʼān. The final work deals with the rising and settings of the moon and planets and astronomy.</subfield>
    </datafield>
    <datafield tag="530" ind1=" " ind2=" ">
      <subfield code="a">Also available as a digital facsimile.</subfield>
    </datafield>
    <datafield tag="546" ind1=" " ind2=" ">
      <subfield code="a">Arabic.</subfield>
    </datafield>
    <datafield tag="500" ind1=" " ind2=" ">
      <subfield code="a">Title supplied by cataloger.</subfield>
    </datafield>
    <datafield tag="505" ind1="0" ind2=" ">
      <subfield code="a">1. f. 1v-95r: Sharḥ al-qaṣīdah al-lāmīyah al-musammāh Abnīyat al-afʻāl fī ʻilm al-taṣrīf lil-Imām Jamāl al-Dīn Muḥammad ibn ʻAbd Allāh ibn Mālik -- 2. f. 95v-96r: [Qaṣīdah] / Ibn al-Ḥājib al-Naḥwī -- 3. f. 96r-97r: [Qaṣīdah] / ʻIzz al-Dīn Abū Muḥammad ʻAbd al-Razzāq ibn Rizq Allāh ibn Abī Bakr al-Rasʻanī -- 4. f. 97r: [Ḥikāyah: kāna rajulan bi-al-Baṣrah yulaqqabu al-Ḍādī] -- 5. f. 97v: Min kitāb Dīwān al-adab -- 6. f. 97v-115r : Ikhtiyār faṣīḥ al-kalām / Abū al-ʻAbbās Thaʻlab -- 7. f. 116r : Fī qism al-ghanīmah / Sālim ibn Ghassān al-Luwāḥ -- 8. f. 116r-119v : [Fī qirāʼāt al-Qurʼān] -- 9. 119v-126v: Fī maʻrifat manāzil al-qamar</subfield>
    </datafield>
    <datafield tag="500" ind1=" " ind2=" ">
      <subfield code="a">Layout: 17-19 long lines; some poetry in two columns.</subfield>
    </datafield>
    <datafield tag="500" ind1=" " ind2=" ">
      <subfield code="a">Script: Written in naskh in black ink; pointed.</subfield>
    </datafield>
    <datafield tag="500" ind1=" " ind2=" ">
      <subfield code="a">Decoration: Rubrications in red; some red circles with black dots in the middle punctuate the text; sets of three red dots mark lines of poetry; three tables in red and black (f. 123v-124v).</subfield>
    </datafield>
    <datafield tag="500" ind1=" " ind2=" ">
      <subfield code="a">Origin: Copy completed between Shawwāl 1123 (f. 95r) and Rabīʻ al-Awwal 1124 (f. 115r).</subfield>
    </datafield>
    <datafield tag="563" ind1=" " ind2=" ">
      <subfield code="a">Bound in brown leather over pasteboard with flap; blind stamped central mandorla, four pendants along the vertical axis and cornerpieces with matching stamps on the flap.</subfield>
    </datafield>
    <datafield tag="500" ind1=" " ind2=" ">
      <subfield code="a">Shelfmark: MS Or 358.</subfield>
    </datafield>
    <datafield tag="541" ind1="1" ind2=" ">
      <subfield code="a">Presumed to be a gift of David Eugene Smith.</subfield>
    </datafield>
    <datafield tag="561" ind1="1" ind2=" ">
      <subfield code="a">Formerly owned by Mohammed bin Hamed bu Osman; given to Alexander Cotheal in June 1852 (note in pencil on inside back cover).</subfield>
    </datafield>
    <datafield tag="561" ind1="1" ind2=" ">
      <subfield code="a">Formerly owned by Alexander I. Cotheal (stamps f. 1r, 126v).</subfield>
    </datafield>
    <datafield tag="588" ind1="0" ind2=" ">
      <subfield code="a">Item cataloged from digital facsimile and existing description.</subfield>
    </datafield>
    <datafield tag="650" ind1=" " ind2="0">
      <subfield code="a">Arabic language</subfield>
      <subfield code="x">Grammar</subfield>
      <subfield code="v">Early works to 1800.</subfield>
    </datafield>
    <datafield tag="630" ind1="0" ind2="0">
      <subfield code="a">Qurʼan</subfield>
      <subfield code="x">Readings</subfield>
      <subfield code="v">Early works to 1800.</subfield>
    </datafield>
    <datafield tag="630" ind1="0" ind2="0">
      <subfield code="a">Qurʼan</subfield>
      <subfield code="x">Recitation</subfield>
      <subfield code="v">Early works to 1800.</subfield>
    </datafield>
    <datafield tag="650" ind1=" " ind2="0">
      <subfield code="a">Astronomy, Arab</subfield>
      <subfield code="v">Early works to 1800.</subfield>
    </datafield>
    <datafield tag="650" ind1=" " ind2="0">
      <subfield code="a">Manuscripts, Arabic.</subfield>
    </datafield>
    <datafield tag="655" ind1=" " ind2="7">
      <subfield code="a">Codices (bound manuscripts)</subfield>
      <subfield code="2">aat</subfield>
    </datafield>
    <datafield tag="655" ind1=" " ind2="7">
      <subfield code="a">Manuscripts (documents)</subfield>
      <subfield code="2">aat</subfield>
    </datafield>
    <datafield tag="655" ind1=" " ind2="7">
      <subfield code="a">Compilation manuscripts.</subfield>
      <subfield code="2">aat</subfield>
    </datafield>
    <datafield tag="655" ind1=" " ind2="7">
      <subfield code="a">Tables (documents)</subfield>
      <subfield code="2">aat</subfield>
    </datafield>
    <datafield tag="655" ind1=" " ind2="7">
      <subfield code="a">Blind tooled (decoration)</subfield>
      <subfield code="2">lobt</subfield>
    </datafield>
    <datafield tag="655" ind1=" " ind2="7">
      <subfield code="a">Envelope flaps (features)</subfield>
      <subfield code="2">lobt</subfield>
    </datafield>
    <datafield tag="655" ind1=" " ind2="7">
      <subfield code="a">Full covers.</subfield>
      <subfield code="2">lobt</subfield>
    </datafield>
    <datafield tag="655" ind1=" " ind2="7">
      <subfield code="a">Islamic bindings (Binding)</subfield>
      <subfield code="2">rbbin</subfield>
    </datafield>
    <datafield tag="700" ind1="1" ind2="2">
      <subfield code="6">880-02</subfield>
      <subfield code="a">Ibn Mālik, Muḥammad ibn ʻAbd Allāh,</subfield>
      <subfield code="d">-1274.</subfield>
      <subfield code="t">Lāmīyat al-afʻāl.</subfield>
    </datafield>
    <datafield tag="700" ind1="1" ind2="2">
      <subfield code="6">880-03</subfield>
      <subfield code="a">Ibn al-Ḥājib, ʻUthmān ibn ʻUmar,</subfield>
      <subfield code="d">1175-1249.</subfield>
      <subfield code="t">Qaṣīdah.</subfield>
    </datafield>
    <datafield tag="700" ind1="1" ind2="2">
      <subfield code="6">880-04</subfield>
      <subfield code="a">Rasʻanī, ʻAbd al-Razzāq ibn Rizq Allāh,</subfield>
      <subfield code="d">1193-1262 or 1263.</subfield>
      <subfield code="t">Qaṣīdah.</subfield>
    </datafield>
    <datafield tag="700" ind1="1" ind2="2">
      <subfield code="6">880-05</subfield>
      <subfield code="a">Thaʻlab, Aḥmad ibn Yaḥyá,</subfield>
      <subfield code="d">815-904.</subfield>
      <subfield code="t">Ikhtiyār faṣīḥ al-kalām.</subfield>
    </datafield>
    <datafield tag="700" ind1="1" ind2="2">
      <subfield code="6">880-06</subfield>
      <subfield code="a">Luwāḥ, Sālim ibn Ghassān,</subfield>
      <subfield code="d">1489 or 1490-1573 or 1574.</subfield>
      <subfield code="t">Fī qism al-ghanīmah.</subfield>
    </datafield>
    <datafield tag="700" ind1="0" ind2="2">
      <subfield code="6">880-07</subfield>
      <subfield code="a">Mohammed bin Hamed bu Osman,</subfield>
      <subfield code="e">former owner.</subfield>
    </datafield>
    <datafield tag="700" ind1="1" ind2=" ">
      <subfield code="a">Cotheal, Alexander Isaac,</subfield>
      <subfield code="d">1804-1894,</subfield>
      <subfield code="e">former owner.</subfield>
    </datafield>
    <datafield tag="700" ind1="1" ind2=" ">
      <subfield code="a">Smith, David Eugene,</subfield>
      <subfield code="d">1860-1944,</subfield>
      <subfield code="e">former owner.</subfield>
    </datafield>
    <datafield tag="710" ind1="2" ind2=" ">
      <subfield code="a">Muslim World Manuscripts (Columbia University. Rare Book and Manuscript Library)</subfield>
      <subfield code="5">NNC</subfield>
    </datafield>
    <datafield tag="740" ind1="0" ind2="2">
      <subfield code="6">880-08</subfield>
      <subfield code="a">Sharḥ al-qaṣīdah al-lāmīyah al-musammāh Abnīyat al-afʻāl fī ʻilm al-taṣrīf lil-Imām Jamāl al-Dīn Muḥammad ibn ʻAbd Allāh ibn Mālik.</subfield>
    </datafield>
    <datafield tag="740" ind1="0" ind2="2">
      <subfield code="6">880-09</subfield>
      <subfield code="a">Ḥikāyah: kān rajulan bi-al-Baṣrah yulaqqabu al-Ḍādī.</subfield>
    </datafield>
    <datafield tag="740" ind1="0" ind2="2">
      <subfield code="6">880-10</subfield>
      <subfield code="a">Min kitāb Dīwān al-adab.</subfield>
    </datafield>
    <datafield tag="740" ind1="0" ind2="2">
      <subfield code="6">880-11</subfield>
      <subfield code="a">Fī qirāʼāt al-Qurʼān.</subfield>
    </datafield>
    <datafield tag="740" ind1="0" ind2="2">
      <subfield code="6">880-12</subfield>
      <subfield code="a">Fī maʻrifat manāzil al-qamar.</subfield>
    </datafield>
    <datafield tag="856" ind1="4" ind2="1">
      <subfield code="z">Digital facsimile in OPenn</subfield>
      <subfield code="u">http://openn.library.upenn.edu/Data/0032/html/ms_or_358.html</subfield>
    </datafield>
    <datafield tag="852" ind1=" " ind2=" ">
      <subfield code="a">Columbia University.</subfield>
      <subfield code="b">Rare Book and Manuscript Library</subfield>
      <subfield code="e">New York, NY. 10027</subfield>
      <subfield code="n">nyu</subfield>
      <subfield code="u">https://clio.columbia.edu/catalog/14011092</subfield>
    </datafield>
    <datafield tag="880" ind1="0" ind2="0">
      <subfield code="6">245-01/(3/r</subfield>
      <subfield code="a">[مجموعة].</subfield>
    </datafield>
    <datafield tag="880" ind1="1" ind2="2">
      <subfield code="6">700-02/(3/r</subfield>
      <subfield code="a">ابن مالك، محمد بن عبد الله،</subfield>
      <subfield code="d">-1274.</subfield>
      <subfield code="t">لامية الافعال.</subfield>
    </datafield>
    <datafield tag="880" ind1="1" ind2="2">
      <subfield code="6">700-03/(3/r</subfield>
      <subfield code="a">ابن الحاجب، عثمان بن عمر،</subfield>
      <subfield code="d">1175-1249.</subfield>
      <subfield code="t">قصيدة.</subfield>
    </datafield>
    <datafield tag="880" ind1="1" ind2="2">
      <subfield code="6">700-04/(3/r</subfield>
      <subfield code="a">رسعني، عبد الرزاق بن رزق الله،</subfield>
      <subfield code="d">1193-1262 أو 1263.</subfield>
      <subfield code="t">قصيدة.</subfield>
    </datafield>
    <datafield tag="880" ind1="1" ind2="2">
      <subfield code="6">700-05/(3/r</subfield>
      <subfield code="a">ثعلب، احمد بن يحيى،</subfield>
      <subfield code="d">815-904.</subfield>
      <subfield code="t">اختيار فصيح الكلام.</subfield>
    </datafield>
    <datafield tag="880" ind1="1" ind2="2">
      <subfield code="6">700-06/(3/r</subfield>
      <subfield code="a">لواح، سالم بن غسان،</subfield>
      <subfield code="d">.</subfield>
      <subfield code="t">في قسم الغنيمة.</subfield>
    </datafield>
    <datafield tag="880" ind1="0" ind2="2">
      <subfield code="6">700-07/(3/r</subfield>
      <subfield code="a">محمد بن حامد ابو عثمان،</subfield>
      <subfield code="e">former owner.</subfield>
    </datafield>
    <datafield tag="880" ind1="0" ind2="2">
      <subfield code="6">740-08/(3/r</subfield>
      <subfield code="a">شرح القصيدة اللامية المسماة ابنية الافعال في علم التصريف للإمام جمال الدين محمد بن عبد الله بن مالك.</subfield>
    </datafield>
    <datafield tag="880" ind1="0" ind2="2">
      <subfield code="6">740-09/(3/r</subfield>
      <subfield code="a">حكاية: كان رجلا بالبصرة يلقب الضادي.</subfield>
    </datafield>
    <datafield tag="880" ind1="0" ind2="2">
      <subfield code="6">740-10/(3/r</subfield>
      <subfield code="a">من كتاب ديوان الادب.</subfield>
    </datafield>
    <datafield tag="880" ind1="0" ind2="2">
      <subfield code="6">740-11/(3/r</subfield>
      <subfield code="a">في قراءات القرآن.</subfield>
    </datafield>
    <datafield tag="880" ind1="0" ind2="2">
      <subfield code="6">740-12/(3/r</subfield>
      <subfield code="a">في معرفة منازل القمر.</subfield>
    </datafield>
    <datafield tag="066" ind1=" " ind2=" ">
      <subfield code="c">(3</subfield>
    </datafield>
  </record></collection>